2466 4494
128 522 307 621 trus.
340 528 794 621 virtututem.
850 542 937 647 467

70 648 284 721 meseonem
306 651 477 745 Magnum
495 647 690 723 sermonem
706 648 832 723 habere
855 672 938 723 cen·
952 654 1038 709 Μ’
1052 648 1065 705 1
1079 649 1103 705 ῐ·

74 794 88 827 ,
110 740 154 817 de
170 744 274 819 Urbis
293 743 354 817 sub
361 746 550 819 Genserico
567 744 767 843 direptione
784 746 934 819 omnino
947 732 1026 791 eff·
1039 730 1064 786 V
1075 726 1100 780 ¹·

72 836 318 937 ellrgendaeffe
326 841 448 938 probat
457 842 672 937 Quesnelius,
681 865 725 914 ex
737 843 811 937 ipso
823 846 934 916 totius

70 942 195 1011 monis
216 956 397 1013 contextu.
416 944 460 1013 Et
481 938 623 1037 quidem
636 942 706 1011 Leo
723 938 808 1012 hanc
828 940 934 1013 Urbis

70 1038 234 1109 trudonem
248 1084 261 1117 ‚
277 1056 351 1107 non
360 1034 475 1109 solum
485 1034 632 1132 ineffitbilt'
647 1042 857 1138 omnipotentis
868 1042 936 1107 Dei

70 1130 227 1201 tricorum
242 1126 284 1203 dt
308 1150 403 1217 utat,
421 1138 477 1229 qui
493 1132 586 1203 corda
594 1130 764 1225 florentium
785 1129 935 1203 barbaro·
1037 1122 1041 1132 ’

70 1226 938 1421 :titisduza‘sussidssstiffussit

70 1437 123 1487 ate
145 1373 248 1503 erudit,
274 1416 388 1503 >rade
406 1418 554 1515 deftndin
573 1442 646 1517 quae
668 1382 808 1517 quidem
832 1344 935 1493 veprba

70 1510 181 1585 tilnnae
206 1520 321 1589 minus
341 1516 452 1601 reue,
469 1514 649 1589 Genserici
666 1536 753 1587 uero
771 1514 936 1610 irruptio·-

79 1610 215 1705 optime
237 1636 307 1686 con
333 1632 446 1685 ruunt.
478 1620 581 1687 Favet
605 1615 706 1685 etiam
725 1612 894 1707 temporis
913 1614 935 1683 ὲ

70 1706 140 1779 ruo
166 1706 279 1781 Leone
307 1634 473 1807 designati
495 1710 757 1783 circumstantia.
797 1710 938 1805 Quippe

70 1808 106 1875 m'
125 1800 237 1877 indie
257 1810 389 1881 Ostava
410 1792 602 1880 festivitatis
628 1804 871 1899 Apostolorum
890 1806 935 1877 de

72 1900 182 1995 gicero
202 1902 310 1978 Urbis
329 1900 483 1979 liberatae¹
497 1904 834 1977 commemoratione
850 1921 934 1973 con-

72 1996 161 2069 estus
171 1996 234 2081 srt,
257 2021 351 2095 patet
361 1998 451 2073 hanc
468 1998 560 2071 circa
576 1995 661 2089 illud
674 2019 809 2093 tempus
820 2000 935 2072 Romae

70 2090 195 2170 sebrari
206 2094 339 2170 solitam
356 2094 467 2169 fuisse.
476 2102 522 2167 At
530 2098 599 2169 hoc
609 2094 682 2193 ipso
701 2102 937 2189 temporeUr-

70 2214 102 2263 m
118 2190 139 2263 ὲ
158 2194 334 2269 Genserici
352 2188 535 2287 tyrannide
556 2190 734 2265 liberatam
744 2190 842 2267 fuiffe
858 2189 939 2265 inde

70 2284 220 2385 lligitur,
229 2289 324 2387 quod
334 2287 449 2364 occiso
459 2285 569 2383 pridie
577 2284 757 2381 lduermii
767 2287 938 2373 Maximo,

70 2384 133 2457 :tia
154 2382 209 2457 die
221 2384 374 2487 sequenti
382 2384 589 2460 Genscricus
605 2385 751 2461 Romam
767 2388 938 2469 invaserit,

70 2503 138 2553 ram
162 2480 300 2559 tandem
319 2506 381 2581 per
397 2480 656 2581 quatuordecim
674 2480 747 2553 dies
769 2480 938 2577 direptam

76 2578 284 2675 expilatam,
300 2601 342 2653 ut
364 2601 407 2653 ex
427 2578 593 2675 Prospero
610 2573 783 2659 diximus,
797 2576 940 2651 demum

70 2672 94 2744 ti
143 2676 191 2759 it,
210 2679 247 2753 in
268 2674 424 2751 Africum
452 2674 716 2751 transmissurus.
748 2676 826 2747 Nec
847 2676 941 2749 obest

70 2696 189 2845 induco
215 2776 251 2847 in
272 2776 429 2846 sermone
444 2770 534 2844 ludis
550 2770 786 2855 circensibus,
802 2772 862 2871 qui
881 2795 943 2843 ne-

70 2892 199 2966 :aquam
209 2870 324 2944 mense
332 2870 438 2965 Juuio
446 2866 716 2955 celebrabantur,
724 2872 832 2965 magis
842 2890 944 2963 quam

70 2970 229 3039 odiorum
243 2966 352 3041 cultui
371 2966 525 3042 addictos
544 2960 644 3038 fuisse
661 2970 834 3041 Romanos
855 2964 946 3039 dicat

70 3062 255 3146 ustiss'rmus
278 3061 440 3137 Pontifex
460 3094 469 3134 z
488 3084 570 3135 erun
587 3083 630 3133 ex
652 3060 752 3158 ipsius
765 3060 880 3135 verbis
894 3064 945 3133 in-

70 3164 115 3235 tri
133 3185 207 3235 non
224 3160 344 3259 poffit,
360 3160 433 3257 ipso
454 3182 633 3257 tempore,
650 3182 720 3257 quo
739 3160 806 3233 haec
826 3159 944 3257 loque«

70 3276 151 3341 tur,
171 3256 339 3356 ejusmodi
352 3256 454 3335 ludos
474 3258 663 3331 celebratos
674 3254 786 3329 fuisse.

86 3384 130 3431 ιι.
158 3360 325 3430 Ceterum
344 3354 551 3429 Gensericus
569 3354 815 3449 Carthaginem
835 3350 946 3425 redux

70 3450 227 3525 rdoxiam
244 3450 415 3545 juniorem
431 3450 605 3523 Hunerico
626 3448 702 3523 filio
722 3449 782 3523 suo
796 3471 944 3521 uxorem

70 3546 148 3627 dits
167 3547 354 3623 Placidiam
367 3570 454 3621 vero
467 3546 566 3645 ipsius
581 3544 756 3631 sororem,
773 3569 844 3643 qus
855 3544 946 3636 Oly-

70 3642 113 3717 do
138 3644 337 3743 desponsata
357 3644 492 3728 fuerat,
517 3666 600 3717 cum
622 3640 773 3715 Eudoxio
790 3641 945 3737 Augusta
961 3635 1111 3720 Augustas·

70 3764 154 3819 rrum
172 3766 280 3817 matre
296 3739 634 3837 Constantinopolim
654 3735 697 3813 ad
711 3741 861 3811 Leonem
880 3741 946 3811 im·
962 3715 1036 3849 {2¹3}
1049 3711 1131 3769 ‘²¹¹¹‘

70 3860 231 3913 :retorem
249 3837 396 3920 direxit,
416 3856 456 3911 ut
478 3836 564 3933 saepe
583 3834 738 3911 laudatus
755 3837 947 3927 Procopius

70 3958 165 4011 urst.
197 3938 362 4035 Euagrius
378 3954 496 4009 tamen
512 3934 572 4009 lib.
595 3966 622 4009 ι.
642 3954 713 4101 capp.
726 3951 767 4041 ¹7.
785 3954 843 4001 eas
860 3936 951 4001 Mar-

70 4054 137 4109 auo
152 4030 334 4117 redditas&
354 4032 539 4117 Genserico
555 4028 655 4111 fuisse
683 4026 789 4197 gihit
794 4076 814 4131 2-
821 4048 862 4101 ut
871 4047 951 4101 eum

733 4147 757 4224 8
779 4147 802 4220 ¹1
