2466 4494
81 580 87 592 ,
188 470 857 578 rru'suruuatrcu.
914 494 993 599 4⁶5

73 599 189 701 eo'e'git.
219 603 284 675 Sed
305 605 364 677 hac
386 610 606 677 incontinentia
631 631 692 677 non
714 600 770 677 dito
798 607 917 705 potitus
941 602 993 697 esi.
1012 606 1098 661 l’ffl
1117 602 1167 665 Π.

74 700 169 767 Nam
181 701 247 801 post
265 707 399 775 alterum
413 706 557 797 mensem,
578 706 723 772 nuntiato
734 728 774 773 eu
784 702 902 794 Africa
914 704 997 774 Gen*
1009 686 1084 741 ω·
1096 688 1120 745 V
1134 688 1158 743 ¹·

70 794 166 884 serici
186 803 267 894 regis
284 796 442 881 adventu,
463 801 628 893 multisque
646 794 798 868 nobilibus
815 822 853 867 ae
863 800 997 897 popula-

71 882 161 957 ribus
178 916 217 963 ex
237 892 326 963 'Orbe
336 890 550 993 fiogientibut‚
576 917 643 962 curn
666 896 729 994 ipse
753 920 896 989 quoque,
915 894 993 965 data

72 987 191 1053 curtilis
207 986 341 1059 abeundi
359 992 509 1073 lieentia,
528 988 647 1089 trepide
664 990 762 1058 vellet
778 986 955 1079 abstrdam,
971 987 992 1061 ti

70 1075 201 1168 futtulis
226 1088 321 1179 regiis
343 1087 362 1125 '¹
383 1080 556 1155 dilaniatus
577 1082 639 1179 all,
666 1082 704 1155 tl*
729 1082 920 1155 membratim
939 1083 993 1153 de·
1006 1088 1180 1170 macaris.

73 1178 180 1266 jctsus
190 1182 222 1245 iu
233 1175 382 1262 Tyberim
386 1180 549 1280 sepultura
566 1204 686 1275 quoque
698 1185 809 1251 caruit.
832 1180 902 1271 tan
914 1180 996 1251 hunc
1008 1174 1129 1249 Regma.

73 1274 227 1342 Maximi
240 1264 357 1347 ruitum
372 1272 523 1367 conliflim
532 1276 639 1369 secuta
654 1274 696 1366 esi
710 1277 817 1345 multis
829 1270 927 1373 oligua
944 1278 994 1347 la·

76 1371 191 1459 crymis
203 1372 341 1442 Romana
357 1362 553 1472 captivitas,
571 1370 610 1443 (θ’
627 1370 746 1439 vrbem
763 1369 993 1535 νννννίἶνιβᾶἰν

74 1486 213 1532 vacuam
239 1470 415 1562 Genstritus
443 1463 598 1550 obtinuit,
627 1466 848 1558 oecurrentefi
867 1472 879 1536 i
900 1490 994 1537 rutra

70 1574 182 1655 portat
193 1562 299 1653 statano
323 1568 425 1632 Leone
444 1565 578 1661 episcopo
595 1610 606 1644 ,
632 1571 722 1651 cujus
738 1564 928 1660 fitpplicatio
946 1568 994 1633 ita

72 1676 169 1739 eum,
194 1660 263 1726 Deo
283 1681 417 1754 agente,
439 1660 571 1739 lenivit,
592 1680 628 1727 ut
653 1683 719 1727 cum
736 1662 836 1727 omnia
852 1663 886 1727 in
906 1680 996 1757 pott-

70 1747 156 1839 [tare
174 1757 186 1821 i
201 1752 269 1845 fiut
285 1759 396 1849 effert,
420 1750 540 1823 tradita
548 1750 614 1846 fibi
630 1757 780 1836 civitate,
801 1748 841 1821 ab
857 1760 927 1851 igne
944 1778 996 1823 ta-

73 1870 146 1915 mon
165 1772 205 1921 g
226 1848 301 1916 cade
325 1872 420 1945 atque
431 1850 597 1946 fitpplicfis
624 1844 795 1941 abstineret.
830 1854 893 1916 Per
909 1876 992 1945 quas-

75 1940 244 2013 tuortleeim
267 1949 367 2037 initur
389 1942 454 2014 dits
475 1947 585 2036 ftoura
607 1944 646 2017 ά
680 1940 779 2012 libera
803 1946 994 2037 scrutatione

76 2036 214 2109 omnibus
239 2038 345 2138 opilut
366 2044 435 2133 fitis
466 2044 560 2109 Roma
586 2060 725 2113 vacuata
753 2038 811 2130 esi,
834 2042 994 2135 multaque

73 2134 179 2201 millia
199 2141 413 2233 captiuorum,
430 2154 523 2233 prout
540 2139 655 2231 quique
666 2156 722 2203 aut
738 2154 839 2217 atate,
854 2156 910 2202 aut
925 2158 993 2203 arte

70 2230 269 2327 placuerunt,
280 2256 347 2300 cum
361 2236 480 2327 Regina
497 2228 536 2301 si*
546 2227 678 2323 filiabus
690 2242 757 2324 ejus
770 2228 993 2327 Carthaginem

70 2321 211 2393 abarana
221 2329 306 2419 fitur.
327 2329 404 2397 Hac
414 2324 575 2419 Prosper,
591 2328 739 2395 cuicum
754 2325 859 2395 ceteri
875 2329 990 2396 arieto-

73 2442 136 2490 res
154 2424 211 2517 qui
230 2419 409 2493 decadem
430 2424 587 2491 Romana
606 2418 704 2491 clade
728 2420 887 2515 scripsere
903 2444 987 2493 con-

73 2516 245 2598 sentiant,
263 2517 413 2613 ipsorum
433 2516 537 2591 uerba
555 2515 683 2589 referre
702 2513 991 2613 supervacaneum

75 2611 180 2685 foret.
209 2614 388 2686 Infelicem
412 2614 563 2687 Petronii
586 2618 726 2686 Maximi
745 2613 901 2693 liutem,
929 2617 989 2710 qui

75 2736 139 2779 non
147 2708 315 2806 stolliueltat
334 2710 471 2782 dominus
486 2715 556 2808 effe,
574 2734 641 2780 tum
660 2734 751 2780 antea
767 2735 825 2780 nou
842 2714 882 2801 stt
907 2716 991 2781 imae.

72 2829 130 2975 iii
151 2810 208 2907 esse
220 2806 279 2900 job
302 2807 449 2894 domino,
474 2808 569 2903 luget
593 2804 753 2879 Sidonius
778 2803 990 2901 Apollinaris

95 2904 343 2985 'aeffim

115 3032 149 3088 9·
179 2924 234 3071 Al)
238 3000 404 3097 Euagrius
418 2997 550 3073 Urbem
572 2997 593 3067 *a
610 2993 799 3069 Genscrico
816 2998 986 3075 incensam

77 3094 178 3168 fuisse
200 3096 317 3170 scribit
343 3094 432 3167 libro
451 3121 480 3164 2.
503 3094 657 3167 Historiae
673 3116 746 3188 cap.
759 3112 793 3171 7.
812 3116 914 3189 quem
928 3119 986 3167 au-

72 3215 182 3275 rum,
205 3213 405 3289 argentum,
426 3192 616 3291 ceterasque
642 3190 749 3285 regias
775 3211 874 3283 gazas
892 3195 989 3265 naui-

72 3288 141 3362 bus
167 3288 339 3385 imposrtas
369 3288 610 3387 Carthaginem
640 3285 803 3358 revexisse
825 3287 988 3362 asseverat

76 3386 372 3485 Procopiuslibro
385 3420 408 3462 1.
429 3383 472 3455 de
482 3387 577 3457 Bello
589 3382 796 3467 vandalico,
814 3386 988 3481 exquibus

72 3498 179 3558 unam
201 3481 385 3554 simulacris
398 3484 554 3555 onustam
567 3478 747 3648 naulrafio
761 3482 918 3577 periisse,
937 3482 988 3554 fa-

74 3606 134 3655 ma
144 3580 341 3659 attestante,
357 3577 473 3651 refert.
487 3579 648 3675 Denique
666 3580 677 3649 i
701 3596 757 3649 em
774 3581 892 3647 atrstor
907 3573 990 3649 affe-

81 3686 152 3771 rit,
169 3677 274 3758 nihil,
289 3672 383 3773 quod
395 3676 536 3770 alicujus
550 3670 721 3749 momenti
734 3674 769 3744 in
779 3675 871 3769 regia
883 3670 990 3744 domn

77 3778 204 3856 fuerit,
223 3776 243 3845 b
265 3772 412 3845 barbaro
437 3776 605 3846 ineassum
635 3765 851 3841 remansisse:
880 3775 937 3841 Na
954 3798 991 3842 as

78 3871 223 3973 quidem,
246 3870 380 3967 inquit,
400 3891 456 3940 aut
472 3866 642 3965 quiolquam
656 3862 748 3935 aliud
765 3863 844 3937 uult
858 3872 991 3963 pretium

70 3970 150 4069 fieri
162 3971 257 4070 poffet
276 3974 309 4039 in
324 3968 449 4069 palatio
468 3969 647 4066 reliqmrat·
671 3967 858 4132 Diripgtrat
876 3959 913 4033 sl*
929 3968 994 4031 Ca·
