2466 4494
288 152 354 212 102
566 119 948 204 HISTORIA

103 258 159 318 l‘r
175 271 186 314 s
202 267 216 308 s
230 267 243 306 1
256 269 276 306 0
290 235 423 311 fecerat
446 232 660 320 dealbatam,
676 253 770 306 tetra
787 231 981 333 nigredinis
1000 251 1158 331 turparet
1171 234 1206 309 il·

107 339 170 395 SS-
186 329 277 392 vu.
294 333 392 413 lurie
407 333 617 409 sordulenta.
641 334 828 434 Accipiens
848 354 990 432 quoque
1007 334 1209 428 Tyrannus,

102 415 270 481 mm*
292 449 418 509 uterat
426 429 779 515 ducibiustuferus,
789 429 1017 532 serpentinam
1025 429 1211 530 suggestio·

103 498 189 567 Μ
202 504 226 609 ¹7
295 552 400 617 nem,
413 528 578 606 feralibus
598 526 719 603 odietis
737 551 811 603 uno
831 546 992 630 tempore
1008 547 1125 607 totam
1144 551 1211 604 coe·

296 627 349 728 pit
371 629 529 705 Africam
547 646 787 706 commovere.
804 629 924 702 Primo
945 624 1162 702 sacerdotum
1173 628 1229 702 δε.

299 723 1054 826 sinistrorumeoprofifflmamecmaximam
1064 723 1213 811 turbam,

298 823 336 897 in
356 825 614 923 longinquas&
626 843 801 899 extremas
823 825 987 922 regiones
1006 821 1217 898 exfiliocm-

173 961 180 979 ·
298 919 370 998 deli
391 923 542 1000 detrufit.
580 920 716 1014 Quibus
738 921 793 1001 bis
810 929 992 996 acutum*
1017 943 1128 1018 genus
1143 920 1215 995 fru-

295 1026 407 1101 menti
416 1075 428 1108 ,
437 1019 532 1120 quod
541 1019 710 1118 >jumentis
726 1017 808 1094 solis
819 1015 920 1093 edere
934 1013 1213 1105 eoncess'umest,

295 1140 516 1219 nequaquam
552 1115 717 1194 industria
750 1115 876 1193 molari
911 1116 1134 1201 contritum,
1159 1115 1217 1193 sed

295 1235 461 1292 manente
480 1213 629 1291 frufruis
647 1219 780 1294 cortice
799 1216 1008 1309 loricatum,
1018 1237 1093 1386 lm
1109 1212 1217 1291 mise-

293 1315 431 1390 ratione
445 1310 521 1389 dari
539 1319 709 1416 pracepit.
733 1313 812 1391 Post
834 1333 943 1399 vero,
960 1334 1018 1387 cre
1034 1330 1141 1388 cente
1153 1314 1218 1389 im·

294 1410 435 1511 pietatis
450 1410 601 1499 insania,
614 1416 721 1490 etiam
733 1413 803 1492 hoc
817 1408 948 1488 auferri
966 1406 1219 1499 crudeliffimus

296 1513 498 1610 imperavit.
539 1511 617 1585 Post
647 1507 829 1588 modicum
858 1528 997 1620 quoque
1021 1509 1218 1607 temporis,

295 1606 476 1687 universas
492 1606 593 1685 timul
614 1604 784 1691 scelestas,
805 1602 1029 1708 praejudicatis
1041 1601 1221 1683 venerabi·

297 1702 389 1781 libus
415 1708 549 1806 portis,
569 1707 745 1788 caementis
763 1704 963 1804 ingentibus
983 1700 1100 1779 claudi
1116 1728 1220 1780 marr·

298 1798 406 1875 davit.
428 1802 596 1885 Universa
613 1825 762 1903 namque
772 1805 975 1880 monasteria
985 1800 1219 1880 virorumve]

295 1897 489 1998 puellarum
508 1899 702 1976 sannarum
718 1901 929 1998 gentilibus,
945 1894 980 1977 id
996 1899 1046 1973 est
1065 1900 1218 1985 Mauris,

214 2042 215 2046 =
298 2017 382 2070 cum
403 1996 655 2079 habitatoribus
687 1997 811 2074 donari
821 2001 998 2102 pracepit.
1028 2003 1134 2073 Unus
1151 1995 1218 2074 fuit

292 2096 744 2196 -omnibusejulatus,unus
752 2120 817 2196 pro
825 2097 962 2175 Christo
976 2092 1153 2169 moriendi
1166 2099 1217 2173 io»

298 2206 399 2290 teger
429 2196 467 2269 &
492 2195 617 2293 plenus
644 2194 797 2269 affeous.
824 2198 920 2271 Paria
941 2192 1135 2269 currebant
1155 2191 1216 2269 ilu·

165 2336 173 2363 ·.
301 2291 399 2378 mina
419 2291 675 2388 lacrymarums
693 2293 773 2392 quia
791 2290 1026 2390 permiserat*
1041 2293 1217 2370 Dominus

299 2388 410 2463 cibati
422 2412 483 2462 eos
498 2413 588 2489 pane
603 2391 837 2486 lacrymarum
850 2395 909 2479 ,δι
945 2388 1037 2465 orari
1052 2411 1116 2483 eos
1126 2388 1216 2466 iola·

249 2527 253 2537 ·
299 2491 478 2585 crymisin
492 2486 894 2574 mensura,autforfitan
954 2484 1154 2563 emensum.
1171 2493 1215 2562 Et

299 2583 468 2684 fireperra
479 2584 660 2668 estexiens
675 2582 719 2659 de
730 2610 828 2672 arca,
841 2587 972 2665 inhians
990 2582 1214 2662 cadaverum

300 2686 453 2788 mortuis
464 2707 543 2783 pars
550 2684 662 2782 aliqua
674 2686 895 2783 pereuntium
911 2707 1132 2773 corvorum,
1147 2706 1216 2762 tna·

299 2799 358 2875 'ror
372 2781 423 2864 est
430 2803 547 2857 tamen
556 2786 593 2858 in
607 2783 741 2861 honore
757 2784 938 2863 Trinitatis
955 2805 1125 2857 numerus
1140 2780 1214 2854 feu

300 2875 396 2959 cium
417 2878 669 2955 columbarum.
706 2882 844 2979 Qanti
867 2878 1005 2954 nobiles
1031 2882 1070 2954 &
1093 2875 1214 2980 optimi

178 3013 185 3029 ·
299 2974 627 3073 viri,ampli&lati
637 2976 779 3076 caespitis
791 2975 1211 3058 dominicirterramcuo

300 3072 385 3157 talo
399 3095 728 3163 commutaverunt,
738 3079 775 3158 &
786 3075 885 3154 fimul
901 3096 1030 3170 corpus
1047 3099 1133 3152 cum
1145 3072 1216 3149 sub.

299 3166 420 3247 stantia
447 3171 686 3258 tradiderunt3
704 3194 807 3274 atque
825 3172 977 3249 delicate
993 3173 1033 3245 δι
1053 3169 1217 3250 nobiliffi-

300 3268 540 3362 mesenum,
559 3293 683 3355 contra
698 3269 946 3347 verecundiam
967 3292 1124 3357 naturae,
1145 3266 1216 3368 spo

300 3370 415 3442 &anre
433 3366 544 3465 vulgo
565 3370 677 3468 virgis
695 3369 806 3454 casae,
830 3367 1002 3467 variisque
1028 3371 1214 3460 tormentis

107 3477 283 3545 *attinxi-
295 3468 479 3551 cruciata,
492 3466 683 3549 uictoria*
704 3488 834 3573 tropaea
852 3465 1065 3567 portarunt?
1087 3467 1216 3560 Quanti

110 3567 167 3655 νὴ·
299 3560 463 3649 infantuli
479 3560 660 3649 irridentes
679 3561 789 3642 edicta
810 3564 929 3640 feralia
948 3585 1029 3640 ante
1048 3563 1215 3646 mundun

299 3662 583 3746 consentierunt,
598 3684 702 3765 quam
722 3665 762 3740 io
772 3661 1011 3739 illecebrosam
1027 3684 1104 3762 erus
1119 3652 1215 3741 semi

294 3758 570 3837 umintoirent?
