2176 4492
10 39 1038 386 -ο

10 635 56 701 res
71 624 282 708 indomiti,
307 621 365 721 qui
393 644 479 695 eum
499 619 712 720 colligatum
738 535 882 698 funibrls
899 615 1078 688 Vrbr'oirt'

10 718 332 824 bmmperducant
345 743 420 821 quo
437 741 507 819 ego
526 741 682 819 pracspr.
706 729 823 816 Quem
838 745 883 795 err
904 712 1074 766 ΝΜ·

10 817 142 898 usterso
153 819 461 920 superburdonem
476 819 631 893 vinetum
645 819 886 920 ,qumquem
901 786 988 846 ιη’
1004 786 1059 858 ¹¹⁹

10 921 122 1021 aligni
133 930 306 994 nuncum
317 927 332 1003 ,¹
342 936 423 991 toto
434 916 558 992 itinere
574 918 808 1014 portabamus.

10 1023 69 1093 [X.
101 1024 383 1117 congregantur
405 1012 557 1089 universi
575 1018 615 1087 in
634 1018 826 1094 siccensem
847 1023 887 1100 δε

10 1117 134 1191 ensem
148 1118 339 1195 civitatess
352 1134 392 1187 ut
403 1113 489 1187 illuc
505 1133 729 1188 occurrentes
748 1120 882 1207 Mauri,

22 1212 174 1290 traditos
192 1212 240 1289 ad
264 1235 420 1286 eremum
440 1209 683 1310 perducerent.
718 1218 885 1312 supervea

10 1314 105 1389 utesi
134 1316 211 1387 'tur
220 1312 382 1388 Comites
392 1306 463 1382 duo
476 1308 663 1384 subtilitate
680 1307 885 1404 damnabili,

10 1410 81 1486 ulis
108 1410 411 1488 ermonibuscun
424 1405 771 1483 Deiconfelsoribus
783 1433 886 1510 agere
1016 1428 1018 1431 ’

10 1528 131 1608 petunt
147 1538 158 1581 a
179 1506 284 1603 Qrid
302 1506 427 1592 vobis,
444 1507 634 1605 inquiunt,
662 1505 826 1594 videtur,
844 1522 885 1586 ut

13 1609 214 1706 pertinaces
233 1604 329 1691 litis,
355 1607 393 1678 δι
415 1602 553 1679 domini
573 1603 680 1678 nostri
702 1609 904 1705 praeceptis

10 1708 90 1784 ime
104 1704 384 1806 obtemperetis,
405 1702 465 1803 qui
482 1703 548 1809 else
560 1705 719 1801 poteritis
739 1706 775 1779 in
795 1727 897 1781 eon,

10 1807 179 1902 ffirRegis
194 1800 443 1884 honorabiles,
464 1797 573 1895 {ierus
585 1798 754 1876 festinetis
763 1802 882 1879 facere

10 1902 206 1979 umatem?
231 1901 354 1977 Statim
371 1898 442 1973 illis
464 1898 599 2000 ingenti
629 1898 884 1978 vociferatione

10 2000 202 2083 nantibus,
221 2001 259 2074 &
288 1995 505 2077 dicentibusr
536 1995 722 2085 Christiani
742 2000 883 2086 sumus,

10 2097 279 2184 bolidsumus,
295 2097 502 2170 Trinitatem
518 2118 631 2170 unum
640 2101 758 2170 Deum
766 2097 885 2170 invio-

10 2197 97 2270 liter
115 2194 336 2270 confitemur
347 2221 358 2278 3
383 2190 610 2267 includuntur
632 2194 788 2290 graviori
804 2196 882 2295 qui.

10 2317 48 2378 n,
62 2290 250 2370 sedadhuc
261 2294 379 2367 latiori
390 2289 569 2370 custodias
588 2290 645 2363 ubi
666 2291 766 2365 nobis
778 2316 821 2367 co
848 2294 882 2368 ia

10 2413 95 2468 atur
111 2391 283 2473 introires
312 2396 350 2467 δι
370 2387 520 2464 verbum
539 2385 790 2464 admonitionis
808 2319 882 2467 lia-

10 2514 59 2565 ns
78 2489 219 2575 facere,
241 2495 280 2565 δι
300 2485 421 2564 divina
444 2487 605 2584 mysteria
620 2487 803 2585 celebrare.
824 2489 877 2568 lbi

10 2584 277 2663 nsantulifirere
302 2587 570 2685 quamplurimi,
588 2609 676 2686 quos
694 2580 719 2636 *
734 2583 878 2684 genitri-
894 2596 981 2655 *zor
992 2596 1055 2680 qui,-

17 2683 424 2783 maternosequebantur
437 2681 585 2771 affeetu,
602 2685 675 2756 alia
691 2688 712 2726 *
727 2683 879 2782 gauden-
897 2726 925 2766 n.
943 2714 1011 2788 aa,

11 2785 119 2869 ,alia
142 2783 287 2868 tristes,
312 2784 381 2858 aliae
403 2785 619 2857 retrahentes
638 2810 647 2851 r
663 2781 735 2856 aliae
756 2783 885 2880 gaude·

10 2880 264 2978 rtselinryres
277 2879 465 2979 peperisse,
486 2884 559 2954 alia
572 2877 772 2961 moliendo,
791 2880 882 2956 dilu.

10 2977 305 3080 »rebaptizationis
318 2977 515 3053 nitebantur
530 2979 550 3050 ὲ
565 2975 781 3051 confeliione
799 2978 886 3055 fidei

10 3097 128 3161 meare·
161 3078 312 3157 Nullum
327 3098 449 3149 tamen
464 3097 549 3151 tunc
562 3096 628 3147 nec
645 3071 887 3155 blandimenta

10 3196 139 3261 crunt,
156 3199 223 3250 nec
242 3174 392 3250 carnalis
406 3172 518 3274 pietas
537 3174 687 3271 aliquem
700 3174 885 3254 inelinavit

10 3295 152 3349 terram
175 3277 269 3348 Nam
281 3270 434 3370 quadarn
447 3294 532 3346 tunc
548 3267 633 3370 quid
648 3269 770 3346 fecerit
779 3299 888 3364 anus,

10 3369 250 3446 viterreferre
262 3367 417 3444 delesta't.
426 3377 522 3445 Dum
533 3374 601 3443 iter
609 3390 790 3465 ageremus
800 3396 882 3450 curn
905 3396 983 3458 Mira
1007 3388 1079 3458 file.

10 3474 23 3547 i
43 3472 204 3545 exercitu
223 3473 458 3551 comitantes,
485 3473 522 3541 &
536 3466 630 3540 forte
650 3469 761 3565 magis
774 3474 887 3546 nosti.
902 3476 1059 3541 mulierm-

10 3591 18 3640 ι
38 3587 338 3666 promoveremus
356 3566 591 3662 proptersolis
604 3561 786 3652 ardorem,
801 3592 886 3644 con-
902 3557 945 3618 ¹²·

10 3671 117 3741 :imus
126 3663 372 3743 mulierculam
386 3660 562 3736 sacculum
573 3665 610 3735 δι
623 3663 688 3734 alia
696 3664 899 3743 vestimen..

11 3785 246 3864 portantem,
274 3784 380 3836 manu
403 3761 613 3836 infantulum
636 3782 744 3834 unum
764 3754 913 3840 tenen'

10 3889 52 3946 u,
70 3884 174 3965 atque
184 3864 240 3936 his
251 3859 467 3935 sermonibus
480 3858 721 3932 consolantem
734 3888 743 3930 ε
758 3866 887 3951 Curre,

10 3961 102 4034 mine
113 3983 225 4036 meus.
242 3955 352 4031 Vides
364 3954 547 4030 universos
558 3956 688 4031 sanstns
700 3960 886 4055 quomodo

10 4057 336 4159 manufestum
356 4055 482 4137 hilares
499 4051 546 4131 ad
559 4054 751 4134 eoronam?
773 4064 890 4154 Quam
