2466 4494
81 547 182 637 olim
194 584 265 639 erat
281 549 482 666 episcopalis
505 564 598 640 sedes
620 555 925 653 subAnazatbenst
941 487 1014 643 gd*
1031 606 1111 661 pm
1123 599 1174 662 ῃ,
1191 624 1194 629 -

84 661 279 754 tropolita,
295 669 333 740 in
351 681 504 736 extrema
514 665 645 754 Cilicia
653 682 759 761 parte,
776 662 819 739 ad
837 689 940 765 quam
950 690 1011 742 ne-
1031 685 1104 741 cn.
1122 685 1154 745 v.
1192 672 1194 677 ’

86 760 285 857 gotiatores
314 784 359 835 ex
383 757 525 835 diversas
550 761 645 836 orbis
674 761 829 860 partibus
860 763 1017 843 solebant

86 874 294 931 convemre.

150 965 185 1035 7.
218 953 309 1030 Huic
334 978 418 1028 vero
443 955 588 1029 historiae
615 958 720 1043 aliam
740 954 894 1056 adjungit
913 965 1016 1034 Baro
1033 985 1135 1046 §aaa
1149 980 1219 1064 Jm·

81 1047 320 1145 ,niusJuun
334 1050 509 1146 cujusdam
523 1056 690 1153 virginis,
710 1079 781 1153 quae
800 1079 872 1129 non
884 1055 1014 1147 solum,
1031 1065 1076 1126 lia.

86 1141 176 1221 licut
185 1155 308 1239 Maria,
319 1151 751 1249 postcaptam'aVandalis
764 1153 1014 1252 Carthaginem

89 1245 224 1343 pariter
247 1251 286 1322 in
309 1253 440 1344 Syriam
459 1246 602 1324 abdueia
626 1255 662 1325 δι
685 1250 831 1325 vendita
848 1249 936 1338 fuit,
954 1251 1015 1334 sed

90 1362 254 1449 praterea
279 1343 506 1434 servitutem,
530 1349 677 1446 aliasque
705 1348 913 1423 calamitates
938 1351 1016 1445 glo·

89 1435 341 1519 riosotandem
360 1450 528 1540 martyrio
547 1446 750 1543 complevit.
772 1445 851 1519 liae
865 1447 912 1521 est
924 1442 1016 1542 Julie

89 1537 195 1636 virgo
211 1542 376 1626 celebris,
391 1552 655 1643 cujusagonem
671 1541 764 1629 idem
784 1546 953 1618 Baronius
969 1567 1014 1643 ert

91 1634 232 1714 Adonis
254 1641 537 1739 Martyrologio,
562 1640 620 1715 seu
643 1646 783 1812 potius,
805 1663 844 1715 ut
872 1641 1017 1738 ipsemet

89 1732 256 1811 observat
266 1741 304 1812 in
316 1738 422 1811 Notis
435 1738 478 1811 ad
491 1745 563 1814 Mar
605 1763 645 1810 ro
659 1762 682 1809 0
710 1743 782 1814 ium
801 1745 1015 1825 Romanum,

90 1850 136 1905 ex
151 1831 287 1910 Adonis
296 1834 499 1935 Appendice
509 1860 574 1935 pro
591 1858 646 1910 ert
658 1761 706 1911 ad
710 1862 837 1911 annum
847 1860 924 1921 440.
938 1838 1017 1912 Nos

91 1944 181 2003 vero
197 1933 271 2030 ejus
293 1934 456 2034 pastionis
480 1935 576 2032 gesta
595 1934 730 2032 integra
749 1958 792 2013 ex
808 1931 929 2007 codice
946 1946 1018 2012 ma'·

92 2027 289 2129 nuscripto,
310 2054 416 2132 quem
436 2052 515 2105 cum
527 2030 749 2111 Bollandiana
766 2029 920 2108 editione
933 2055 1017 2107 con·

88 2123 260 2216 tulimus,
279 2131 393 2213 uasti,
409 2148 449 2200 ea
475 2133 756 2225 operaepretium
780 2126 941 2203 duximus
960 2129 1017 2205 hic

88 2221 265 2298 exhibere.
288 2225 447 2326 quamvis
465 2228 560 2299 enim
575 2251 649 2305 non
671 2228 713 2302 ab
730 2229 772 2301 iis
791 2224 915 2323 scripta
940 2225 1017 2301 fue-

90 2320 190 2417 rint,
209 2327 270 2422 qui
295 2326 397 2400 rebus
424 2325 527 2420 gestis
549 2320 725 2419 praesentes
753 2321 913 2405 adfuere;
941 2336 1015 2406 non

87 2433 213 2519 tamen
235 2423 278 2494 iis
314 2421 401 2498 dene
426 2420 516 2494 anda
543 2422 691 2496 omnino
728 2419 839 2505 fides,
872 2421 1012 2523 quires

113 2534 198 2591 rout
215 2522 300 2599 casa
316 2443 470 2618 patrilus
482 2519 550 2590 suis
562 2540 777 2617 acceperant,
788 2515 908 2617 absque
928 2521 1009 2595 ullis

87 2534 278 2697 {ffionum
301 2616 544 2693 additamentis
571 2615 761 2716 posteritati
784 2617 947 2692 mandare
962 2618 1013 2691 sa·
1127 2679 1131 2688 .

92 2730 267 2810 tegerunt.
287 2717 363 2789 Nec
383 2736 590 2814 quemquam
613 2737 756 2796 movere
772 2711 895 2799 debet,
917 2715 1012 2812 quod

86 2808 129 2907 in
145 2811 202 2886 his
219 2814 309 2906 Julia
327 2817 347 2885 ὲ
366 2816 505 2910 paganis
531 2810 678 2884 deorum
706 2809 868 2887 sacrificia
886 2835 1015 2886 curan-
1036 2860 1053 2885 .

88 2907 191 2994 tibus
205 2907 294 3007 passa
312 2909 457 2983 dicatur.
473 2910 558 2981 Non
569 2913 664 2983 enim
674 2908 759 2982 adeo
772 2931 870 2983 erant
888 2909 1013 2985 exstin-

91 3011 164 3176 pati
182 3026 269 3081 tunc
293 3008 460 3106 temporis
487 3007 658 3104 gentiles,
673 3022 712 3078 ut
733 3012 770 3082 in
790 3006 877 3080 locis
892 3005 1012 3080 saltem

119 3102 216 3178 iffitis
235 3105 402 3179 sacrificia
428 3105 591 3177 consueta
619 3106 720 3201 plane
742 3103 933 3184 omiserint.
970 3108 1014 3178 Et

90 3200 238 3304 quidem
248 3201 371 3275 saeculo
385 3199 536 3300 sequenti
548 3201 679 3274 sanstus
691 3212 789 3275 Pater
800 3199 1015 3285 Benedistus,

89 3301 271 3375 attestante
288 3305 460 3397 Gregorio
480 3305 610 3398 Magno
631 3299 722 3374 libro
735 3326 763 3373 2.
779 3301 1013 3399 Dialogorum

90 3421 171 3495 cap.
183 3408 211 3470 8.
231 3398 391 3471 ethnicos
410 3420 475 3494 pro
502 3420 520 3468 e
547 3395 706 3470 Casinum
723 3416 879 3473 montem
898 3395 1017 3470 demo-

91 3514 212 3573 rantes
232 3494 275 3567 ad
303 3493 409 3566 fidem
433 3422 595 3580 adduxit,
620 3515 810 3592 eorumque
831 3495 1013 3570 delubrum

95 3593 264 3693 Apollini
273 3592 429 3677 sacrum,
447 3592 634 3690 silvamque
649 3614 772 3666 eorum
786 3592 1017 3689 superstitioni

97 3688 269 3776 dicatam,
291 3713 363 3787 qua
390 3686 499 3761 adhuc
526 3689 747 3787 supererant,
768 3691 871 3788 plane
891 3690 1018 3763 evertit

97 3810 137 3863 ac
148 3785 326 3862 destruxit.
351 3791 449 3887 Qin
463 3789 500 3859 ὃ(
511 3792 647 3882 Cyrus,
667 3787 775 3862 homo
793 3785 956 3884 gentilis,
973 3808 1018 3859 eo

91 3884 176 4060 pp'sp
183 3904 363 3982 tempore,
378 3908 448 3982 quo
458 3886 705 3982 Carthaginem
716 3884 911 3959 invaserunt
924 3887 1018 3956 Van·

155 3986 323 4095 ',primas
331 3982 480 4059 Romani
491 3984 632 4086 Imperii
640 3978 823 4156 dignitaFtefs
831 3979 1023 4095 qbtinebat.

663 4101 665 4111 ,
833 4104 858 4182 1,
